@inproceedings{Bao:2017,
 author = {Bao, Jie and He, Tianfu and Ruan, Sijie and Li, Yanhua and Zheng, Yu},
 title = {Planning Bike Lanes Based on Sharing-Bikes' Trajectories},
 booktitle = {Proc. of KDD},
 year = {2017},
 pages = {1377--1386},
 }

@inproceedings{Hoang:2016,
 author = {Hoang, Minh X. and Zheng, Yu and Singh, Ambuj K.},
 title = {FCCF: Forecasting Citywide Crowd Flows Based on Big Data},
 booktitle = {Proc. of SIGSPACIAL},
  year = {2016},
 pages = {6:1--6:10},
 }

 @inproceedings{Li:2018,
 author = {Li, Yaguang and Fu, Kun and Wang, Zheng and Shahabi, Cyrus and Ye, Jieping and Liu, Yan},
 title = {Multi-task Representation Learning for Travel Time Estimation},
 booktitle = {Proc. of KDD},
 year = {2018},
 pages = {1695--1704},
 } 

 @inproceedings{Li:2018:DBR,
 author = {Li, Yexin and Zheng, Yu and Yang, Qiang},
 title = {Dynamic Bike Reposition: A Spatio-Temporal Reinforcement Learning Approach},
 booktitle = {Proc. of KDD},
  year = {2018},
 pages = {1724--1733},
 } 

 @inproceedings{Liao:2018:DSL:3219819.3219895,
 author = {Liao, Binbing and Zhang, Jingqing and Wu, Chao and McIlwraith, Douglas and Chen, Tong and Yang, Shengwen and Guo, Yike and Wu, Fei},
 title = {Deep Sequence Learning with Auxiliary Information for Traffic Prediction},
 booktitle = {Proc. of KDD},
 year = {2018},
 pages = {537--546},
 } 

@inproceedings{Liu:2016:CTP,
 author = {Liu, Xinyue and Kong, Xiangnan and Li, Yanhua},
 title = {Collective Traffic Prediction with Partially Observed Traffic History Using Location-Based Social Media},
 booktitle = {Proc. of CIKM},
 year = {2016},
 pages = {2179--2184},
 }

 @inproceedings{Liu:2018:DSB,
 author = {Liu, Zhaoyang and Shen, Yanyan and Zhu, Yanmin},
 title = {Where Will Dockless Shared Bikes Be Stacked?: --- Parking Hotspots Detection in a New City},
 booktitle = {Proc. of KDD},
  year = {2018},
 pages = {566--575},
 } 
 
 @inproceedings{Shen:2018:SNS,
 author = {Shen, Bilong and Liang, Xiaodan and Ouyang, Yufeng and Liu, Miaofeng and Zheng, Weimin and Carley, Kathleen M.},
 title = {StepDeep: A Novel Spatial-temporal Mobility Event Prediction Framework Based on Deep Neural Network},
 booktitle = {Proc. of KDD},
 year = {2018},
 pages = {724--733},
} 

@inproceedings{Yang:2016:MMP,
 author = {Yang, Zidong and Hu, Ji and Shu, Yuanchao and Cheng, Peng and Chen, Jiming and Moscibroda, Thomas},
 title = {Mobility Modeling and Prediction in Bike-Sharing Systems},
 booktitle = {Proc. of MobiSys},
 year = {2016},
 pages = {165--178},
 }

 @inproceedings{Zhou:2018:DLP:3219819.3219929,
 author = {Zhou, Xiao and Noulas, Anastasios and Mascolo, Cecilia and Zhao, Zhongxiang},
 title = {Discovering Latent Patterns of Urban Cultural Interactions in WeChat for Modern City Planning},
 booktitle = {Proc. of KDD},
 year = {2018},
 pages = {1069--1078},
 } 
 

 
